<?xml version="1.0" encoding="UTF-8"?>
<collection xmlns="info:lc/xmlns/marcxchange-v2" xsi:schemaLocation="info:lc/xmlns/marcxchange-v2 http://www.loc.gov/standards/iso25577/marcxchange-2-0.xsd" xmlns:xsi="http://www.w3.org/2001/XMLSchema-instance">
  <record format="MARC21" type="Bibliographic">
    <leader>00000     1000000   000 </leader>
    <controlfield tag="001">(FR-PaOEC)6bee255b-ar</controlfield>
    <controlfield tag="002">20171208</controlfield>
    <controlfield tag="004">20171208</controlfield>
    <datafield ind2=" " ind1=" " tag="020">
      <subfield code=" ">(FR-PaOEC)6bee255b-ar�OECD</subfield>
    </datafield>
    <datafield ind2=" " ind1=" " tag="025">
      <subfield code=" ">6bee255b-ar</subfield>
    </datafield>
    <datafield ind2=" " ind1=" " tag="030">
      <subfield code=" ">a|zuc||||||37</subfield>
    </datafield>
    <datafield ind2=" " ind1="b" tag="037">
      <subfield code=" ">ara</subfield>
    </datafield>
    <datafield ind2=" " ind1=" " tag="050">
      <subfield code=" ">||||||||g|||||</subfield>
    </datafield>
    <datafield ind2=" " ind1=" " tag="051">
      <subfield code=" ">m|||||||</subfield>
    </datafield>
    <datafield ind2=" " ind1=" " tag="070">
      <subfield code=" ">OECD</subfield>
    </datafield>
    <datafield ind2=" " ind1="a" tag="070">
      <subfield code=" ">HBZ</subfield>
    </datafield>
    <datafield ind2=" " ind1="e" tag="078">
      <subfield code="a">ZDB-164-UNL</subfield>
      <subfield code="a">ZDB-164-UNL-ebook</subfield>
    </datafield>
    <datafield ind2=" " ind1="b" tag="200">
      <subfield code=" ">OHCHR</subfield>
    </datafield>
    <datafield ind2=" " ind1=" " tag="331"></datafield>
    <datafield ind2=" " ind1=" " tag="334">
      <subfield code=" ">Elektronische Ressource</subfield>
    </datafield>
    <datafield ind2=" " ind1=" " tag="359">
      <subfield code=" ">OHCHR</subfield>
    </datafield>
    <datafield ind2=" " ind1=" " tag="410">
      <subfield code=" ">New York</subfield>
    </datafield>
    <datafield ind2=" " ind1=" " tag="412">
      <subfield code=" ">United Nations</subfield>
    </datafield>
    <datafield ind2=" " ind1="a" tag="425">
      <subfield code=" ">2017</subfield>
    </datafield>
    <datafield ind2=" " ind1=" " tag="433">
      <subfield code=" ">75 p.</subfield>
    </datafield>
    <datafield ind2=" " ind1="a" tag="540">
      <subfield code=" ">ISBN 9789210579391</subfield>
    </datafield>
    <datafield ind2=" " ind1="a" tag="552">
      <subfield code=" ">10.18356/6bee255b-ar</subfield>
    </datafield>
    <datafield ind2=" " ind1="a" tag="652">
      <subfield code="a">Online-Ressource</subfield>
    </datafield>
    <datafield ind2=" " ind1="e" tag="655">
      <subfield code="u">http://dx.doi.org/10.18356/6bee255b-ar</subfield>
      <subfield code="x">Resolving-System</subfield>
    </datafield>
    <datafield ind2=" " ind1=" " tag="775">
      <subfield code="i">Parallelausgabe</subfield>
      <subfield code="t">Human Rights and Traditional Justice Systems in Africa</subfield>
      <subfield code="z">9789210579377</subfield>
    </datafield>
  </record>